@article{bishop2006pattern,
  title={Pattern recognition},
  author={Bishop, C.M.},
  journal={Machine Learning},
  volume={128},
  year={2006}
}

@book{vetrov2007bayesian,
  title={Байесовские методы машинного обучения, учебное пособие по спецкурсу},
  author={Ветров, Д.П. and Кропотов, Д.А.},
  year={2007}
}

@misc{jordan10notes,
  author        = {M.I. Jordan},
  title         = {Lecture notes in Stat260: Bayesian Modeling and Inference},
  month         = {January},
  year          = {2010},
  publisher={University of California, Berkeley}
}

@book{gelman2014bayesian,
  title={Bayesian data analysis},
  author={Gelman, A. and Carlin, J.B. and Stern, H.S. and Dunson, D.B. and Vehtari, A. and Rubin, D.B.},
  volume={2},
  year={2014},
  publisher={CRC press Boca Raton, FL}
}

@book{robert2007bayesian,
  title={The Bayesian choice: from decision-theoretic foundations to computational implementation},
  author={Robert, C.},
  year={2007},
  publisher={Springer Science \& Business Media}
}

@book{ghosh2007bayesian,
  title={Bayesian Nonparametrics},
  author={Ghosh, J.K. and Ramamoorthi, R.V.},
  year={2003},
  publisher={Springer Science \& Business Media}
}

@article{bernardo2005reference,
  title={Reference analysis},
  author={Bernardo, J.},
  journal={Handbook of statistics},
  volume={25},
  pages={17--90},
  year={2005},
  publisher={Elsevier}
}

@article{spokoiny2012parametric,
  title={Parametric estimation. Finite sample theory},
  author={Spokoiny, V.},
  journal={The Annals of Statistics},
  volume={40},
  number={6},
  pages={2877--2909},
  year={2012},
  publisher={Institute of Mathematical Statistics}
}